<?xml version="1.0" encoding="UTF-8"?><record xmlns="http://www.loc.gov/MARC21/slim" xmlns:cinclude="http://apache.org/cocoon/include/1.0" xmlns:zs="http://www.loc.gov/zing/srw/">
  <leader>01610cz  a2200289n  4500</leader>
  <controlfield tag="001">n  79032553 </controlfield>
  <controlfield tag="003">DLC</controlfield>
  <controlfield tag="005">20130512074704.0</controlfield>
  <controlfield tag="008">790411n| azannaabn          |a aaa      </controlfield>
  <datafield tag="010" ind1=" " ind2=" ">
    <subfield code="a">n  79032553 </subfield>
  </datafield>
  <datafield tag="035" ind1=" " ind2=" ">
    <subfield code="a">(OCoLC)oca00266191</subfield>
  </datafield>
  <datafield tag="040" ind1=" " ind2=" ">
    <subfield code="a">DLC</subfield>
    <subfield code="b">eng</subfield>
    <subfield code="e">rda</subfield>
    <subfield code="c">DLC</subfield>
    <subfield code="d">DLC</subfield>
    <subfield code="d">MH</subfield>
    <subfield code="d">WaU</subfield>
  </datafield>
  <datafield tag="046" ind1=" " ind2=" ">
    <subfield code="f">19321127</subfield>
    <subfield code="g">19830821</subfield>
  </datafield>
  <datafield tag="100" ind1="1" ind2=" ">
    <subfield code="a">Aquino, Benigno S.,</subfield>
    <subfield code="c">Jr.,</subfield>
    <subfield code="d">1932-1983</subfield>
  </datafield>
  <datafield tag="370" ind1=" " ind2=" ">
    <subfield code="a">Concepcion, Philippines</subfield>
    <subfield code="b">ParanĚaque, Philippines</subfield>
    <subfield code="c">Philippines</subfield>
  </datafield>
  <datafield tag="374" ind1=" " ind2=" ">
    <subfield code="a">Legislators</subfield>
    <subfield code="a">Governors</subfield>
    <subfield code="2">lcsh</subfield>
  </datafield>
  <datafield tag="375" ind1=" " ind2=" ">
    <subfield code="a">male</subfield>
  </datafield>
  <datafield tag="378" ind1=" " ind2=" ">
    <subfield code="q">Benigno Simeon</subfield>
  </datafield>
  <datafield tag="400" ind1="1" ind2=" ">
    <subfield code="w">nnea</subfield>
    <subfield code="a">Aquino, Benigno S.</subfield>
  </datafield>
  <datafield tag="400" ind1="1" ind2=" ">
    <subfield code="a">Aquino, Ninoy,</subfield>
    <subfield code="d">1932-1983</subfield>
  </datafield>
  <datafield tag="400" ind1="0" ind2=" ">
    <subfield code="a">Ninoy,</subfield>
    <subfield code="d">1932-1983</subfield>
  </datafield>
  <datafield tag="670" ind1=" " ind2=" ">
    <subfield code="a">Rosario, S. G. del. The involvements of Benigno S. Aquino, Jr., c1977 (subj.)</subfield>
    <subfield code="b">t.p. (Benigno S. Aquino, Jr.) p. 1, v. 1 (former Sen.)</subfield>
  </datafield>
  <datafield tag="670" ind1=" " ind2=" ">
    <subfield code="a">Hill, G.N. Aquino assassination, c1983:</subfield>
    <subfield code="b">t.p. (Benigno S. Aquino, Jr.) p. 94 (d. 8/21/83, 50 yrs. old)</subfield>
  </datafield>
  <datafield tag="670" ind1=" " ind2=" ">
    <subfield code="a">Padilla, A. The assassination of 'Ninoy' Aquino at MIA, August 21, 1983:</subfield>
    <subfield code="b">t.p. (Ninoy Aquino) p. 1 (Sen. Benigno Aquino, Jr.)</subfield>
  </datafield>
  <datafield tag="670" ind1=" " ind2=" ">
    <subfield code="a">Policarpio, A.P. Ninoy, c1986:</subfield>
    <subfield code="b">p. 214 (Benigno S. Aquino, Jr.; b. 11/27/32)</subfield>
  </datafield>
  <datafield tag="670" ind1=" " ind2=" ">
    <subfield code="a">His Letters, prison &amp; exile, 1983:</subfield>
    <subfield code="b">cover (Ninoy)</subfield>
  </datafield>
  <datafield tag="670" ind1=" " ind2=" ">
    <subfield code="a">Wikipedia, May 9, 2013</subfield>
    <subfield code="b">(Benigno Aquino, Jr.; Benigno Simeon "Ninoy" Aquino, Jr. (November 27, 1932-August 21, 1983); Benigno S. Aquino, Jr.; born in Concepcion, Tarlac, Philippines; died Manila International Airport, ParanĚaque, Metro Manila, Philippines; Senator of the Philippines, December 30, 1967-September 23, 1972; Governor of Tarlac, December 30, 1961-December 30, 1967)</subfield>
  </datafield>
</record>